<?xml version="1.0" encoding="UTF-8"?><collection xmlns="http://www.loc.gov/MARC21/slim"><record><leader>00368nam--2200133-i-4500</leader><controlfield tag="001">000030001</controlfield><controlfield tag="002">20161230</controlfield><controlfield tag="005">20161230201038</controlfield><controlfield tag="008">060222s1000------------r-----000-0-eng-d</controlfield><datafield ind1=" " ind2=" " tag="100"><subfield code="a">Lass, Harry</subfield></datafield><datafield ind1=" " ind2=" " tag="245"><subfield code="a">Elements of pure and applied mathematics</subfield></datafield><datafield ind1=" " ind2=" " tag="260"><subfield code="a">New York, Mc Gra, 1957, Xi + 491p</subfield></datafield><datafield ind1=" " ind2=" " tag="490"><subfield code="a">Intern Series In Pure And Applied Mathematics</subfield></datafield><datafield ind1=" " ind2=" " tag="852"><subfield code="a">12121</subfield></datafield></record></collection>